\bibliographystyle{./IEEEtran}
\bibliography{./IEEEabrv,./mybibi}